% Example bibtex file for ISMIR Template

@inproceedings{steinmetz2021pyloudnorm,
        title={pyloudnorm: {A} simple yet flexible loudness meter in Python},
        author={Steinmetz, Christian J. and Reiss, Joshua D.},
        booktitle={150th AES Convention},
        year={2021}}

@article{dong2024hamba,
  title={Hamba: Single-view 3d hand reconstruction with graph-guided bi-scanning mamba},
  author={Dong, Haoye and Chharia, Aviral and Gou, Wenbo and Vicente Carrasco, Francisco and De la Torre, Fernando D},
  journal={Advances in Neural Information Processing Systems},
  volume={37},
  pages={2127--2160},
  year={2024}
}

@inproceedings{raffel2014mir_eval,
    TITLE={MIR\_EVAL: A Transparent Implementation of Common MIR Metrics.},
    AUTHOR={Raffel, Colin and McFee, Brian and Humphrey, Eric J and Salamon, Justin and Nieto, Oriol and Liang, Dawen and Ellis, Daniel PW and Raffel, C Colin},
    BOOKTITLE = {Proceedings of the 15th International Society for Music Information Retrieval Conference (ISMIR)},
    PAGES = {367--372},
    YEAR = {2014}
}


@INPROCEEDINGS{ISMIR24Choi,
  AUTHOR = {Jaeran Choi and Taegyun Kwon and Joonhyung Bae and Jiyun Park and Yonghyun Kim and Juhan Nam},
  TITLE = {Real-time Flutist Gesture Cue Detection System for Auto-Accompaniment},
  BOOKTITLE = {Late Breaking Demo of the 25th International Society for Music Information Retrieval (ISMIR) Conference},
  YEAR = {2024}
}

@INPROCEEDINGS{MMSP20Montesinos,
    AUTHOR = {Juan F. Montesinos and Olga Slizovskaia and Gloria Haro},
    TITLE = {SOLOS: A Dataset for Audio-Visual Music Analysis},
    BOOKTITLE = {Proceedings of the 2020 IEEE 22nd International Workshop on Multimedia Signal Processing (MMSP)},
    PAGES = {1--6},
    YEAR = {2020}
}

@ARTICLE{arXiv24Yoo,
    AUTHOR = {Seong Jong Yoo and Snehesh Shrestha and Irina Muresanu and Cornelia Ferm{\"u}ller},
    TITLE = {VioPose: Violin Performance 4D Pose Estimation by Hierarchical Audiovisual Inference},
    JOURNAL = {arXiv preprint},
    EPRINT = {2411.13607},
    ARCHIVEPREFIX = {arXiv},
    YEAR = {2024},
    URL = {https://arxiv.org/abs/2411.13607}
}


@ARTICLE{PPR09Bergeron,
    AUTHOR = {Vincent Bergeron and Dominic McIver Lopes},
    TITLE = {Hearing and Seeing Musical Expression},
    JOURNAL = {Philosophy and Phenomenological Research},
    VOLUME = {78},
    NUMBER = {1},
    PAGES = {1--16},
    YEAR = {2009}
}

@ARTICLE{IEEE19Duan,
    AUTHOR = {Zhiyao Duan and Slim Essid and Cynthia C. S. Liem and Gaël Richard and Gaurav Sharma},
    TITLE = {Audiovisual Analysis of Music Performances: Overview of an Emerging Field},
    JOURNAL = {IEEE Signal Processing Magazine},
    VOLUME = {36},
    NUMBER = {1},
    PAGES = {63--73},
    YEAR = {2019}
}

@ARTICLE{MusicPercep12Platz,
    AUTHOR = {Friedrich Platz and Reinhard Kopiez},
    TITLE = {When the Eye Listens: A Meta-Analysis of How Audio-Visual Presentation Enhances the Appreciation of Music Performance},
    JOURNAL = {Music Perception: An Interdisciplinary Journal},
    VOLUME = {30},
    NUMBER = {1},
    PAGES = {71--83},
    YEAR = {2012}
}

@ARTICLE{PsychMusic09Broughton,
    AUTHOR = {M. Broughton and C. Stevens},
    TITLE = {Music, movement and marimba: An investigation of the role of movement and gesture in communicating musical expression to an audience},
    JOURNAL = {Psychology of Music},
    VOLUME = {37},
    NUMBER = {2},
    PAGES = {137--153},
    YEAR = {2009}
}

@ARTICLE{MP07Dahl,
    AUTHOR = {Sofia Dahl and Anders Friberg},
    TITLE = {Visual Perception of Expressiveness in Musicians' Body Movements},
    JOURNAL = {Music Perception},
    VOLUME = {24},
    NUMBER = {5},
    PAGES = {433--454},
    YEAR = {2007}
}


@ARTICLE{Thompson2005,
    AUTHOR = {William Forde Thompson and Phil Graham and Frank A. Russo},
    TITLE = {Seeing music performance: Visual influences on perception and experience},
    JOURNAL = {Semiotica},
    VOLUME = {156},
    NUMBER = {1/4},
    PAGES = {203--227},
    YEAR = {2005}
}

@ARTICLE{Moura2023,
  AUTHOR = {Moura, N{\'a}dia and Fonseca, Pedro and Goethel, M{\'a}rcio and Oliveira-Silva, Patr{\'\i}cia and Vilas-Boas, Jo{\~a}o Paulo and Serra, Sofia},
  TITLE = {The impact of visual display of human motion on observers’ perception of music performance},
  JOURNAL = {Plos one},
  VOLUME = {18},
  NUMBER = {3},
  PAGES = {e0281755},
  YEAR = {2023},
}

@ARTICLE{Tsay2013,
    AUTHOR = {Chia-Jung Tsay},
    TITLE = {Sight over sound in the judgment of music performance},
    JOURNAL = {Proceedings of the National Academy of Sciences},
    VOLUME = {110},
    NUMBER = {36},
    PAGES = {14580--14585},
    YEAR = {2013},
}

@INPROCEEDINGS{MM07Zhang,
    AUTHOR = {Bingjun Zhang and Jia Zhu and Ye Wang and Wee Kheng Leow},
    TITLE = {Visual analysis of fingering for pedagogical violin transcription},
    BOOKTITLE = {Proceedings of the 15th ACM International Conference on Multimedia},
    PAGES = {521--524},
    YEAR = {2007}
}

@ARTICLE{arXiv23Moryossef,
    AUTHOR = {Amit Moryossef and Yanai Elazar and Yoav Goldberg},
    TITLE = {At Your Fingertips: Extracting Piano Fingering Instructions from Videos},
    JOURNAL = {arXiv preprint},
    EPRINT = {2303.03745},
    ARCHIVEPREFIX = {arXiv},
    YEAR = {2023},
    URL = {https://arxiv.org/abs/2303.03745}
}

@ARTICLE{TASLP21Kong,
    AUTHOR = {Q. Kong and B. Li and X. Song and Y. Wan and Y. Wang},
    TITLE = {High-Resolution Piano Transcription with Pedals by Regressing Onset and Offset Times},
    JOURNAL = {IEEE/ACM Transactions on Audio, Speech, and Language Processing},
    VOLUME = {29},
    PAGES = {3707--3717},
    YEAR = {2021}
}

@INPROCEEDINGS{ISMIR18Hawthorne,
    AUTHOR = {C. Hawthorne and E. Elsen and J. Song and A. Roberts and I. Simon and C. Raffel and J. Engel and S. Oore and D, Eck},
    TITLE = {Onsets and Frames: Dual-Objective Piano Transcription},
    BOOKTITLE = {Proceedings of the 19th International Society for Music Information Retrieval Conference (ISMIR)},
    PAGES = {50--57},
    YEAR = {2018}
}

@ARTICLE{TASLP24Kwon,
    AUTHOR = {Taegyun Kwon and Dasaem Jeong and Juhan Nam},
    TITLE = {Towards Efficient and Real-Time Piano Transcription Using Neural Autoregressive Models},
    JOURNAL = {IEEE/ACM Transactions on Audio, Speech, and Language Processing},
    VOLUME = {32},
    PAGES = {5106--5116},
    YEAR = {2024}
}

@INPROCEEDINGS{ISMIR24Yan,
    AUTHOR = {Yinghao Yan and Zhiyao Duan},
    TITLE = {Scoring Time Intervals Using Non-Hierarchical Transformer for Automatic Piano Transcription},
    BOOKTITLE = {Proceedings of the 25th International Society for Music Information Retrieval Conference (ISMIR)},
    PAGES = {973--980},
    YEAR = {2024}
}


@INPROCEEDINGS{ISMIR22Wei,
    AUTHOR = {Weixing Wei and Peilin Li and Yi Yu and Wei Li},
    TITLE = {HPPNet: Modeling the Harmonic Structure and Pitch Invariance in Piano Transcription},
    BOOKTITLE = {Proceedings of the 23rd International Society for Music Information Retrieval Conference (ISMIR)},
    PAGES = {709--716},
    YEAR = {2022},
}


@INPROCEEDINGS{ISMIR24Kim,
  AUTHOR = {Yonghyun Kim and Alexander Lerch},
  TITLE = {Towards Robust Transcription: Exploring Noise Injection Strategies for Training Data Augmentation},
  BOOKTITLE = {Late Breaking Demo of the 25th International Society for Music Information Retrieval Conference (ISMIR)},
  YEAR = {2024},
}

@ARTICLE{Edwards2024,
    AUTHOR = {D. Edwards and S. Dixon and E. Benetos and A. Maezawa and Y. Kusaka},
    TITLE = {A Data-Driven Analysis of Robust Automatic Piano Transcription},
    JOURNAL = {IEEE Signal Processing Letters},
    YEAR = {2024},
    VOLUME = {31},
    PAGES = {681--685},
    DOI = {10.1109/LSP.2024.3363646},
    KEYWORDS = {Data augmentation, Training, Data models, Training data, Recording, Pipelines, Acoustics, Piano transcription, data augmentation}
}

@INPROCEEDINGS{ICLR19Hawthorne,
    AUTHOR = {C. Hawthorne and A. Stasyuk and A. Roberts and I. Simon and C.-Z. A. Huang and S. Dieleman and E. Elsen and J. Engel and D. Eck},
    TITLE = {Enabling Factorized Piano Music Modeling and Generation with the {MAESTRO} Dataset},
    BOOKTITLE = {Proceedings of the International Conference on Learning Representations (ICLR)},
    YEAR = {2019}
}

@TECHREPORT{Emiya2010,
    AUTHOR = {V. Emiya and N. Bertin and B. David and R. Badeau},
    TITLE = {MAPS - A Piano Database for Multipitch Estimation and Automatic Transcription of Music},
    INSTITUTION = {Research Report},
    YEAR = {2010},
    URL = {https://hal.inria.fr/inria-00544155}
}

@ARTICLE{TMM18Li,
    AUTHOR = {Bochen Li and Xinzhao Liu and Karthik Dinesh and Zhiyao Duan and Gaurav Sharma},
    TITLE = {Creating a Multitrack Classical Music Performance Dataset for Multimodal Music Analysis: Challenges, Insights, and Applications},
    JOURNAL = {IEEE Transactions on Multimedia},
    VOLUME = {21},
    NUMBER = {2},
    PAGES = {522--535},
    YEAR = {2018}
}

@INPROCEEDINGS{BMVC21Montesinos,
    AUTHOR = {Juan F. Montesinos and Venkatesh S. Kadandale and Gloria Haro},
    TITLE = {A Cappella: Audio-Visual Singing Voice Separation},
    BOOKTITLE = {Proceedings of the 32nd British Machine Vision Conference (BMVC)},
    YEAR = {2021}
}

@INPROCEEDINGS{SMC17Li,
    AUTHOR = {Bochen Li and Chenliang Xu and Zhiyao Duan},
    TITLE = {Audiovisual Source Association for String Ensembles through Multi-Modal Vibrato Analysis},
    BOOKTITLE = {Proceedings of the Sound and Music Computing Conference (SMC)},
    YEAR = {2017}
}


@ARTICLE{TISMIR24Nadkarni,
    AUTHOR = {Shreyas Nadkarni and Preeti Rao and Martin Clayton},
    TITLE = {Identifying Melodic Motifs and Stable Notes from Gestural Information in Indian Vocal Performances},
    JOURNAL = {Transactions of the International Society for Music Information Retrieval},
    VOLUME = {7},
    NUMBER = {1},
    YEAR = {2024}
}

@INPROCEEDINGS{ICASSPW23Li,
    AUTHOR = {Yuqing Li and Xianke Wang and Ruimin Wu and Wei Xu and Wenqing Chen},
    TITLE = {A CRNN-GCN Piano Transcription Model Based On Audio And Skeleton Features},
    BOOKTITLE = {IEEE International Conference on Acoustics, Speech, and Signal Processing Workshops (ICASSPW)},
    PAGES = {1--5},
    YEAR = {2023}
}


@ARTICLE{CJE15Wan,
    AUTHOR = {Yulong Wan and Xianliang Wang and Ruohua Zhou and Yonghong Yan},
    TITLE = {Automatic Piano Music Transcription Using Audio-Visual Features},
    JOURNAL = {Chinese Journal of Electronics},
    VOLUME = {24},
    NUMBER = {3},
    PAGES = {597--603},
    YEAR = {2015}
}

@INPROCEEDINGS{DAFx21Wang,
    AUTHOR = {Xianke Wang and Wei Xu and Juanting Liu and Weiming Yang and Wenqing Cheng},
    TITLE = {An Audio-Visual Fusion Piano Transcription Approach Based on Strategy},
    BOOKTITLE = {Proceedings of the 24th International Conference on Digital Audio Effects (DAFx)},
    PAGES = {308--315},
    YEAR = {2021},
}


@ARTICLE{TASLP24Li,
    AUTHOR = {Yuqing Li and Xinyu Wang and Ruiqi Wu and Wei Xu and Wei Cheng},
    TITLE = {A Two-Stage Audio-Visual Fusion Piano Transcription Model Based on the Attention Mechanism},
    JOURNAL = {IEEE/ACM Transactions on Audio, Speech, and Language Processing},
    VOLUME = {32},
    PAGES = {3618--3630},
    YEAR = {2024},
}

@INCOLLECTION{Piano21Telles,
    AUTHOR = {Ana Telles},
    TITLE = {Piano Fingering Strategies as Expressive and Analytical Tools for the Performer},
    BOOKTITLE = {Contemporary Piano Music: Performance and Creativity},
    PAGES = {151},
    YEAR = {2021}
}

@INPROCEEDINGS{IEAAIE10Maezawa,
    AUTHOR = {Akira Maezawa and Katsutoshi Itoyama and Toru Takahashi and Kazunori Komatani and Tetsuya Ogata and Hiroshi G. Okuno},
    TITLE = {Violin Fingering Estimation Based on Violin Pedagogical Fingering Model Constrained by Bowed Sequence Estimation from Audio Input},
    BOOKTITLE = {Trends in Applied Intelligent Systems: 23rd International Conference on Industrial Engineering and Other Applications of Applied Intelligent Systems (IEA/AIE 2010)},
    ADDRESS = {Cordoba, Spain},
    PAGES = {249--259},
    YEAR = {2010}
}

@ARTICLE{InfoSci20Nakamura,
    AUTHOR = {Eita Nakamura and Yasuyuki Saito and Kazuyoshi Yoshii},
    TITLE = {Statistical Learning and Estimation of Piano Fingering},
    JOURNAL = {Information Sciences},
    VOLUME = {517},
    PAGES = {68--85},
    YEAR = {2020}
}


@inproceedings{CVPR19gmp,
    title = {MediaPipe: A Framework for Perceiving and Processing Reality},
    author = {Camillo Lugaresi and Jiuqiang Tang and Hadon Nash and Chris McClanahan and Esha Uboweja and Michael Hays and Fan Zhang and Chuo-Ling Chang and Ming Yong and Juhyun Lee and Wan-Teh Chang and Wei Hua and Manfred Georg and Matthias Grundmann},
    booktitle	= {Third Workshop on Computer Vision for AR/VR at IEEE Computer Vision and Pattern Recognition (CVPR) 2019},
    year = {2019}
}

@MISC{arXiv20Zhang,
    AUTHOR = {Fan Zhang and Valentin Bazarevsky and Andrey Vakunov and Andrei Tkachenka and George Sung and Chuo-Ling Chang and Matthias Grundmann},
    TITLE = {MediaPipe Hands: On-device Real-time Hand Tracking},
    YEAR = {2020},
    EPRINT = {2006.10214},
    ARCHIVEPREFIX = {arXiv},
    PRIMARYCLASS = {cs.CV},
    URL = {https://arxiv.org/abs/2006.10214}
}


@INPROCEEDINGS{ICASSP20Koepke,
    AUTHOR = {A. Sophia Koepke and Olivia Wiles and Yael Moses and Andrew Zisserman},
    TITLE = {Sight to Sound: An End-to-End Approach for Visual Piano Transcription},
    BOOKTITLE = {Proceedings of the IEEE International Conference on Acoustics, Speech and Signal Processing (ICASSP)},
    PAGES = {1838--1842},
    YEAR = {2020}
}


@INPROCEEDINGS{NLP4MusA24Bang,
    AUTHOR = {Hayeon Bang and Eunjin Choi and Megan Finch and Seungheon Doh and Seolhee Lee and Gyeong-Hoon Lee and Juhan Nam},
    TITLE = {PIAST: A Multimodal Piano Dataset with Audio, Symbolic and Text},
    BOOKTITLE = {Proceedings of the 3rd Workshop on NLP for Music and Audio (NLP4MusA)},
    YEAR = {2024}
}

@ARTICLE{TISMIR22Kong,
    AUTHOR = {Qiuqiang Kong and Bochen Li and Jitong Chen and Yuxuan Wang},
    TITLE = {GiantMIDI-Piano: A Large-Scale MIDI Dataset for Classical Piano Music},
    JOURNAL = {Transactions of the International Society for Music Information Retrieval},
    VOLUME = {5},
    NUMBER = {1},
    PAGES = {87--98},
    YEAR = {2022}
}

@INPROCEEDINGS{ICLR24Gan,
    AUTHOR = {Qijun Gan and Song Wang and Shengtao Wu and Jianke Zhu},
    TITLE = {PianoMotion10M: Dataset and Benchmark for Hand Motion Generation in Piano Performance},
    BOOKTITLE = {The Thirteenth International Conference on Learning Representations (ICLR)},
    YEAR = {2024}
}

@INPROCEEDINGS{ICASSP14Dumortier,
    AUTHOR = {Baldwin Dumortier and Emmanuel Vincent},
    TITLE = {Blind RT60 Estimation Robust Across Room Sizes and Source Distances},
    BOOKTITLE = {2014 IEEE International Conference on Acoustics, Speech and Signal Processing (ICASSP)},
    PAGES = {5187--5191},
    YEAR = {2014}
}

@ARTICLE{ViTPose++,
    AUTHOR = {Xu, Yufei and Zhang, Jing and Zhang, Qiming and Tao, Dacheng},
    TITLE={{ViTPose++: Vision Transformer for Generic Body Pose Estimation}},
    JOURNAL = {IEEE Transactions on Pattern Analysis \& Machine Intelligence},
    VOLUME={46},
    NUMBER={02},
    PAGES={1212-1230},
    YEAR={2024},
}


@INPROCEEDINGS{ISMIR17Author:01,
        AUTHOR = {A. Author and B. Author},
        TITLE = {The title of the conference paper},
        BOOKTITLE = {Proc. of the 18th Int. Society for Music Information Retrieval Conf.},
        PAGES = {111--117},
        YEAR = {2017},
        ADDRESS = {Suzhou, China}
        }


@BOOK{Book20Person:01,
	AUTHOR = {O. Person},
	TITLE = {Title of the Book},
	PUBLISHER = {McGill-Queen's University Press},
	YEAR = {2021},
        ADDRESS = {Montr\'{e}al, Canada}
	}

@INCOLLECTION{Chapter09Person:01,
        AUTHOR = {F. Person and S. Person},
        TITLE = {Title of a chapter this book}, 
        BOOKTITLE = {A Book Containing Delightful Chapters}, 
        EDITOR = {A. G. Editor}, 
        ADDRESS = {Tokyo, Japan}, 
        PUBLISHER = {The Publisher}, 
        PAGES = {58--102}, 
        YEAR = {2009}
}

@INPROCEEDINGS{MM22Ramoneda,
    AUTHOR = {Pedro Ramoneda and Dasaem Jeong and Eita Nakamura and Xavier Serra and Marius Miron},
    TITLE = {Automatic Piano Fingering from Partially Annotated Scores Using Autoregressive Neural Networks},
    BOOKTITLE = {Proceedings of the 30th ACM International Conference on Multimedia (ACM MM)},
    PAGES = {6502--6510},
    YEAR = {2022}
}

@article{swinkin2007keyboard,
  title={Keyboard fingering and interpretation: A comparison of historical and modern approaches},
  author={Swinkin, Jeffrey},
  journal={Performance practice review},
  volume={12},
  number={1},
  pages={1},
  year={2007}
}


@ARTICLE{JNMR10Someone:01,
	AUTHOR = {A. Someone and B. Someone and C. Someone},
	TITLE = {The Title of the Journal Paper},
	JOURNAL = {Journal of New Music Research},
	VOLUME = {A},
	NUMBER = {B},
	PAGES = {111--222},
	YEAR = {2010},
        MONTH = {September},
	}

