@inproceedings{jensen2012multimodal,
  title={Multimodal Analysis of Piano Performances Portraying Different Emotions},
  author={Jensen, Kristoffer and Frimodt-M{\o}ller, S{\o}ren R},
  booktitle={International Symposium on Computer Music Modeling and Retrieval},
  pages={469--479},
  year={2012},
  organization={Springer}
}

@article{riley2005use,
  title={The use of multimodal feedback in retraining complex technical skills of piano performance},
  author={Riley, Kathleen and Coons, Edgar E and Marcarian, David},
  journal={Medical Problems of Performing Artists},
  volume={20},
  number={2},
  pages={82--88},
  year={2005},
  publisher={Science \& Medicine, Inc.}
}

@inproceedings{parmar2021piano,
  title={Piano skills assessment},
  author={Parmar, Paritosh and Reddy, Jaiden and Morris, Brendan},
  booktitle={2021 IEEE 23rd international workshop on multimedia signal processing (MMSP)},
  pages={1--5},
  year={2021}
}

# [1]
@article{swinkin2007keyboard,
  title={Keyboard fingering and interpretation: A comparison of historical and modern approaches},
  author={Swinkin, Jeffrey},
  journal={Performance practice review},
  volume={12},
  number={1},
  pages={1},
  year={2007}
}

# [2]
@inproceedings{kim2025pianovam,
  title={PianoVAM: A Multimodal Piano Performance Dataset},
  author={Kim, Yonghyun and Park, Junhyung and Bae, Joonhyung and Kim, Kirak and Kwon, Taegyun and Lerch, Alexander and Nam, Juhan},
  booktitle={Proceedings of the 26th International Society for Music Information Retrieval Conference (ISMIR)},
  year={2025}
}

# [3]
@MISC{arXiv20Zhang,
    AUTHOR = {Fan Zhang and Valentin Bazarevsky and Andrey Vakunov and Andrei Tkachenka and George Sung and Chuo-Ling Chang and Matthias Grundmann},
    TITLE = {MediaPipe Hands: On-device Real-time Hand Tracking},
    YEAR = {2020},
    EPRINT = {2006.10214},
    ARCHIVEPREFIX = {arXiv},
    PRIMARYCLASS = {cs.CV},
    URL = {https://arxiv.org/abs/2006.10214}
}

